<?xml version="1.0" encoding="UTF-8"?><collection xmlns="http://www.loc.gov/MARC21/slim"><record><leader>00346nam--2200121-i-4500</leader><controlfield tag="001">000028444</controlfield><controlfield tag="002">20161230</controlfield><controlfield tag="005">20161230201037</controlfield><controlfield tag="008">060222s1000------------r-----000-0-eng-d</controlfield><datafield ind1=" " ind2=" " tag="100"><subfield code="a">Lehnert, Bo</subfield></datafield><datafield ind1=" " ind2=" " tag="245"><subfield code="a">On the behaviour of an electrically conductive liquid in a magnetic field</subfield></datafield><datafield ind1=" " ind2=" " tag="260"><subfield code="a">Stockholm, Almqvist &amp; Wiksells, 1952, 12p</subfield></datafield><datafield ind1=" " ind2=" " tag="852"><subfield code="a">5408</subfield></datafield></record></collection>